2799 4478
592 420 689 485 48
1116 436 1473 484 smmum
1509 439 1710 485 mmm
1747 438 2109 487 ssctmnus,

602 546 915 559 ffln„„wm
924 552 936 559 .
944 552 957 559 -
966 553 979 560 -
986 553 1009 561 ,.
1021 550 1221 561 mmm
1475 547 1858 563 «mm—w
1866 548 1968 560 mv

1525 751 1672 805 XVI.

1385 982 1829 1075 Adlflusam.

1494 1232 1716 1285 Eunu.

701 1467 870 1555 Dum
906 1468 1270 1534 Romanioli
1304 1468 1492 1535 flores
1530 1468 1909 1558 frondesque
1949 1473 2224 1539 virentes

808 1600 1060 1668 Halans
1090 1601 1335 1689 egelido
1371 1601 1628 1667 flamine
1666 1600 1919 1669 Chloris
1956 1604 2113 1689 agit,

702 1731 787 1796 Et
822 1731 1030 1798 laticis
1069 1730 1395 1798 Charitum
1435 1729 1849 1818 chrystallina
1888 1731 2147 1820 lympha
2183 1756 2523 1803 susurrans
2736 1802 2741 1841 a

805 1865 1056 1930 Littora
1090 1866 1159 1930 in
1194 1865 1488 1929 immensi
1526 1862 1764 1929 labitur
1801 1862 2065 1946 Oceani,
2738 1846 2741 1881 ⁴

702 1992 865 2073 Quis
902 2006 965 2061 te
1004 2019 1137 2063 non
1176 1995 1537 2062 memoret?
1578 1994 1758 2072 Quae
1796 2006 1878 2078 te,
1920 1994 2348 2084 pulcherrima
2381 1998 2607 2066 Divum
2739 1970 2741 2049 3

805 2129 1016 2212 Musa,
1056 2128 1211 2195 fides
1250 2129 1540 2196 sileant?
1581 2127 1709 2207 Qui
1745 2128 1858 2193 tibi
1897 2140 2066 2197 serta
2104 2140 2342 2218 negent
2368 2130 2400 2196 ‘3

708 2265 990 2353 Auspice
1025 2275 1109 2347 te,
1154 2286 1365 2352 rupes,
1410 2284 1746 2329 nemorosa
1781 2265 2130 2346 cacumina,
2171 2261 2396 2345 valles,

703 2457 708 2461 .
815 2395 1102 2484 AEquora
1136 2393 1324 2461 vitali
1360 2393 1704 2483 prosiluere
1740 2393 1974 2459 flabro!

706 2529 846 2595 Nec
880 2529 1000 2594 tibi
1036 2529 1319 2594 trananti
1356 2527 1522 2592 caeli
1557 2546 1840 2591 convexa
1873 2526 2112 2591 resistit

816 2661 1056 2744 TurbO,
1098 2661 1203 2728 vel
1241 2661 1455 2726 effusis
1491 2658 1751 2725 horrida
1787 2658 1975 2724 stella
2011 2659 2229 2724 comis.

702 2794 797 2860 Te
834 2815 1047 2881 prope,
1088 2760 1417 2858 fatidicum
1449 2789 1666 2856 lumen
1704 2789 1823 2856 sub
1859 2788 2046 2855 corde
2083 2810 2426 2858 coruscans

810 2927 1079 2992 Tartara
1113 2925 1557 2990 flammivomis
1593 2921 1794 3009 replet
1827 2921 2239 3009 imaginibus.

709 3055 815 3123 Ad
851 3065 1199 3143 nutumque
1236 3065 1419 3122 tuum
1456 3055 1684 3120 Manes
1723 3065 1786 3118 et
1819 3055 2110 3120 Numina
2147 3054 2408 3145 Olympi

808 3185 893 3251 Et
926 3184 1150 3274 Pelagi
1184 3196 1246 3251 et
1282 3187 1517 3252 Terrae
1553 3197 1800 3274 sceptra
1835 3185 2110 3253 verenda
2143 3198 2384 3254 tenent.

718 3320 951 3388 Molliit
986 3320 1293 3409 OEagrius
1334 3335 1446 3409 per
1481 3332 1543 3385 te
1579 3320 1913 3408 sylvestria
1947 3319 2161 3401 corda3

814 3454 1017 3519 Movit
1054 3464 1116 3518 et
1150 3451 1475 3541 Amphion
1509 3474 1735 3541 aspera
1771 3475 1926 3519 saxa
1959 3451 2164 3540 chely.

708 3582 833 3647 Per
868 3593 930 3646 te
966 3582 1336 3649 flexanimas
1372 3580 1646 3648 fundens
1675 3581 2029 3648 Philomela
2064 3584 2357 3670 querelas

815 3713 942 3780 Pro
982 3714 1172 3799 natis,
1214 3735 1362 3784 caro
1401 3716 1670 3804 conjuge
1706 3737 1942 3805 proque
1978 3737 2119 3797 suc,
