2799 4478
121 552 260 562 ...§*»x

1070 437 1345 486 TRISTIA.
1360 486 1362 488 ,
2121 419 2162 486 5
2173 418 2215 486 5

271 549 515 561 -ι-ιυιω
554 550 749 562 mm

272 655 484 734 Quae
522 678 622 720 me
657 678 785 721 non
821 655 1032 721 videat
1070 656 1424 743 plorantem
1460 666 1664 739 nocte,
1708 657 1932 750 dieque

400 784 523 867 Os,
567 784 779 868 decus,
823 787 1172 873 ingenium,
1212 787 1428 868 verba,
1473 787 1815 874 modosque
1852 788 2040 855 tuos!

266 917 423 985 Sed
462 919 589 984 cito
626 928 689 983 te
724 931 1024 1007 repetam,
1066 931 1397 1007 tecumque
1434 918 1554 986 hac
1591 919 1826 986 condar
1860 923 1928 987 in
1966 943 2147 1001 urna;

400 1047 670 1115 Occidet
705 1060 769 1115 ei:
805 1050 977 1116 nullo
1015 1030 1295 1138 tempore
1335 1064 1553 1118 noster
1590 1054 1802 1121 amori

1151 1307 1294 1388 xm.

516 1533 581 1587 In
616 1533 825 1588 funere
860 1533 1086 1589 filiolae
1122 1545 1287 1590 meae
1324 1535 1888 1593 desideratissimae.

270 1770 349 1834 N
352 1777 490 1848 ata,
533 1789 644 1855 per
682 1788 792 1831 ora
826 1769 1033 1832 viram
1071 1768 1371 1850 volitans,
1414 1768 1709 1855 caeloque
1746 1772 1965 1858 potita,

402 1900 557 1964 Non
593 1909 723 1980 tua,
766 1922 909 1964 nam
947 1899 1112 1965 Diva
1148 1922 1236 1980 es,
1280 1899 1391 1966 sed
1431 1921 1570 1966 mea
1607 1901 1839 1968 damna
1876 1925 2126 1991 queror;

283 2033 565 2112 Tristia,
609 2030 720 2097 sed
757 2053 1012 2118 quaese,
1055 2053 1196 2096 mea
1230 2031 1360 2114 lux,
1399 2056 1540 2099 mea
1576 2037 1827 2122 suscipe
1864 2035 2051 2116 Nata,

405 2161 585 2241 Quae
624 2184 761 2228 mea
797 2164 884 2227 mi
919 2161 1094 2227 flevit
1131 2162 1266 2227 sola
1303 2160 1640 2247 Camoena,
1683 2165 1910 2232 Dolor!

1114 2416 1286 2469 XXII.

286 2656 483 2736 Filia,
527 2676 728 2742 nuper
764 2676 961 2737 amor,
1003 2676 1203 2742 nuper
1240 2654 1396 2721 mihi
1435 2654 1623 2721 dulce
1659 2655 1968 2740 levamen,

408 2786 664 2854 Occidis
701 2798 847 2853 ante
884 2786 1068 2869 diem,
1110 2787 1355 2875 fulgida
1391 2787 1572 2853 stella
1609 2788 1819 2855 domi!

290 2916 483 2997 Quae
520 2940 640 3000 me,
682 2941 841 3006 quae
879 2920 1173 2984 miseram
1212 2918 1411 2984 eheu!
1453 2930 1722 2985 matrem
1758 2918 1966 2985 taedia
1998 2921 2168 2986 vitae

403 3050 702 3131 Posthac,
744 3052 851 3138 qui
889 3050 1123 3131 luctus,
1167 3061 1229 3115 te
1265 3061 1587 3137 pereunte,
1631 3060 1890 3116 manent
1921 3050 1936 3117 1

304 3182 579 3270 Delapsa
614 3204 651 3246 e
686 3183 879 3264 caele,
922 3184 1164 3263 matris,
1207 3192 1610 3269 moestaeque
1647 3183 1888 3248 sororis

403 3311 579 3377 Pone
618 3310 876 3378 modum
914 3312 1218 3393 lacrimis,
1262 3313 1476 3377 vivere
1514 3333 1594 3375 ne
1630 3319 1922 3375 renuant.

302 3440 432 3508 Sed
470 3464 591 3523 me,
635 3442 945 3531 supplicio
985 3445 1088 3509 cui
1126 3444 1259 3507 vita
1294 3441 1656 3523 simillima,.
1680 3453 1889 3507 tecum
1920 3520 1926 3526 .

409 3574 467 3641 O
506 3575 731 3660 Maria,
773 3589 846 3643 ut
880 3579 1153 3658 veniam,
1195 3577 1325 3643 filia
1361 3587 1602 3658 sancta,
1645 3577 1845 3644 voca!
