2799 4478
628 1070 801 1136 Certe
827 1070 1003 1136 inter
1032 1070 1331 1135 assiduos
1362 1080 1456 1135 tot
1477 1092 1866 1157 9raecaru7n
1897 1071 2392 1159 latinarumque
2420 1097 2529 1140 ar-

516 1178 683 1242 tium
720 1177 995 1243 cultores
1033 1187 1195 1243 recte
1234 1176 1741 1255 adnumeraris;
1793 1188 1854 1244 et
1901 1178 2166 1244 Siculus
2216 1202 2364 1245 cum
2411 1182 2524 1262 sis,

512 1284 685 1349 nihil
724 1282 978 1349 invides
1028 1282 1231 1349 doctis
1267 1283 1408 1348 illis
1456 1284 1636 1365 viris,
1679 1285 1794 1371 qui
1838 1284 2135 1373 priscam
2182 1286 2533 1375 utriusque

513 1390 827 1455 sermonis
868 1412 1142 1455 auream
1180 1399 1462 1457 aetatem
1497 1390 1809 1472 redolent,
1853 1402 2048 1479 atque
2095 1390 2282 1480 apud
2317 1392 2530 1459 Italos

504 1497 659 1583 jure
695 1497 1045 1585 meritoque
1068 1495 1331 1584 florent.

618 1603 797 1667 Haec
834 1603 1045 1667 virtus
1084 1613 1144 1669 et
1179 1626 1402 1682 venus,
1445 1602 1520 1667 ni
1549 1604 1786 1688 fallor,
1839 1603 2118 1669 mamime
2158 1603 2406 1691 pendet
2443 1606 2526 1669 ab

512 1711 689 1776 recta
726 1709 851 1775 illa
888 1708 1263 1774 studiorum
1298 1708 1594 1789 ratione,
1639 1732 1773 1797 qua
1822 1710 2099 1797 majores
2149 1710 2362 1775 nostri
2415 1734 2530 1776 no-
2615 1729 2626 1742 ·

511 1816 667 1881 biles
719 1815 1147 1881 adolescentes
1201 1814 1580 1885 liberalibus
1623 1815 1994 1903 disciplinis
2029 1816 2373 1882 institutos
2422 1838 2525 1883 vo·

513 1923 708 2000 luere;
746 1922 1003 1987 avitum
1028 1922 1257 2011 potius
1295 1923 1689 2009 scriptorum
1741 1924 1954 1991 nostri
2007 1922 2294 1989 nominis
2335 1921 2524 1989 decus

511 2029 905 2115 affectantes,
946 2039 1147 2117 quam
1200 2028 1616 2094 venatoriam
1669 2030 2082 2127 inconsultae
2133 2028 2527 2121 philoloyiae

510 2146 572 2201 et
598 2135 985 2223 pereyrinae
1022 2136 1269 2201 critices
1306 2135 1778 2223 mayisterium.

614 2242 753 2308 Hoc
789 2241 915 2308 sibi
949 2253 1179 2308 nostra
1208 2242 1361 2308 haec
1399 2253 1584 2309 aetas
1629 2265 1844 2308 unum
1883 2241 2210 2330 postulat,
2245 2251 2524 2330 putans,

509 2349 719 2414 nescio
759 2371 852 2414 an
898 2371 1272 2437 perperam,
1315 2372 1463 2414 cum
1513 2348 1906 2436 quibusdam
1965 2348 2337 2428 Germanis,
2381 2349 2527 2434 fere

512 2465 719 2522 totum
758 2457 1074 2544 antiquae
1110 2454 1422 2522 historiae
1470 2467 1772 2522 nostrum
1796 2477 1984 2545 penu
2019 2453 2168 2520 hinc
2207 2455 2526 2572 accipien-

509 2561 690 2642 dum,
726 2572 787 2627 et
804 2561 1046 2676 populi
1072 2563 1337 2628 romani
1371 2562 1650 2650 oriyines
1685 2562 1892 2628 verbis
1921 2561 2172 2651 potius,
2207 2560 2409 2650 specie
2441 2570 2525 2625 te-

508 2691 657 2747 nus,
697 2665 899 2756 quam
950 2667 1138 2733 rebus
1188 2669 1399 2758 ipsis,
1440 2680 1501 2735 et
1550 2679 1833 2734 veterum
1883 2667 2238 2734 traditione
2276 2688 2524 2732 eorum-

420 2824 435 2838 .
508 2773 655 2839 dem
688 2774 1027 2840 verborum
1066 2775 1330 2863 auspice
1367 2775 1772 2840 hauriendas
1812 2797 1959 2840 esse.

618 2879 884 2946 Obsecro
920 2891 999 2946 ut
1033 2881 1195 2947 mihi
1222 2903 1491 2970 parcas,
1535 2883 1592 2946 si
1627 2903 1794 2970 quae
1830 2881 1908 2946 de
1946 2891 2004 2948 te
2049 2880 2278 2959 sentio,
2320 2876 2523 2944 Prin-

502 3009 643 3074 ceps
682 2987 1057 3067 clarissime,
1098 2999 1158 3054 et
1195 2987 1273 3053 de
1310 2989 1561 3077 optima
1597 2987 1969 3054 studiorum
1995 2987 2417 3053 institutione
2447 2984 2522 3049 li-

502 3092 665 3158 beris
696 3094 939 3160 animis
978 3094 1325 3182 exprimere
1360 3094 1615 3172 studui;
1653 3095 1816 3183 quin
1853 3094 2052 3160 etiam
2091 3103 2286 3179 atque
2323 3091 2524 3157 etiam

505 3199 779 3266 obtestor
804 3223 887 3266 ne
913 3200 1076 3266 mihi
1094 3223 1465 3267 succenseas
1493 3201 1838 3290 epistolam
1865 3201 2054 3280 hanc,
2075 3199 2327 3288 publici
2345 3197 2521 3283 juris

484 3308 731 3391 facere,
776 3307 1015 3396 tibique
1048 3307 1394 3373 inscribere
1433 3308 1729 3374 audenti.

609 3413 1049 3480 Humanitati
1108 3415 1334 3501 itaque
1388 3425 1450 3480 et
1499 3414 1971 3479 benevolentiae
2025 3422 2176 3478 tuae
2225 3434 2323 3477 me
2361 3432 2523 3476 com-

500 3519 755 3585 mend0.
1360 3505 1391 3530 ’

646 3694 900 3746 Panormi
937 3695 1081 3747 XIV
1108 3695 1216 3746 kal.
1254 3695 1514 3746 Januarii
1552 3713 1638 3746 an.
1666 3693 2167 3748 MDGOOLXXVI.
