2799 4478
1092 446 1325 494 Lusus,
2115 413 2150 497 1
2167 410 2205 497 1

1461 562 1569 572 §ww
1579 559 1676 575 ἉᾹΜ

303 662 485 732 Hane
521 687 705 732 amo:
746 668 805 733 si
839 666 1031 732 refert
1066 667 1315 753 magnis
1352 667 1656 755 mirisque
1691 688 1942 750 vacare,

405 798 581 863 Num
617 798 875 880 Pistrix,
918 796 1264 885 Chelydrus
1300 798 1729 865 Rinooerosve
1765 796 1941 865 deest
1969 797 2000 863 ’ἒ

298 920 606 997 Peltatam
640 931 880 996 interea
914 930 1163 1017 Byrsen
1200 927 1574 1018 doctamque
1610 928 1921 998 Crocoten

404 1063 534 1143 Qui
570 1028 655 1131 sit
690 1072 955 1130 nasutae
988 1063 1203 1129 fabula
1240 1063 1692 1157 plebis,·amet;

295 1194 377 1261 Et
411 1195 619 1263 discat
655 1196 907 1278 celeres,
950 1194 1187 1283 pedites
1226 1194 1584 1284 classesque
1620 1196 1989 1263 Ruthenfim

402 1329 550 1409 Qua
586 1331 815 1396 vetitas
850 1330 1101 1417 possint
1135 1351 1429 1417 rumpere
1465 1328 1918 1417 Bosphoridas.

297 1459 557 1542 Audiat,
599 1482 683 1525 an
720 1461 841 1547 maj
849 1482 920 1525 or
956 1467 1112 1526 natu
1146 1459 1406 1547 gallina,
1449 1460 1548 1525 vel
1586 1481 1776 1526 ovum
1811 1484 1827 1525 2

398 1592 611 1657 Morio
618 1642 635 1673 ,
676 1591 782 1657 vel
818 1593 1069 1680 sapiens
1108 1593 1293 1673 sitne,
1334 1591 1573 1658 nihilve
1608 1591 1790 1659 deus.

294 1720 431 1790 Has
468 1722 651 1805 velit,
692 1721 808 1789 has
844 1732 1113 1811 stupeat,
1156 1723 1482 1789 cerebrum
1519 1724 1624 1789 oui
1659 1724 1833 1790 fluxa
1879 1720 2169 1812 putredo.

400 1853 633 1921 Sordet
669 1855 737 1920 in
772 1855 1043 1942 effigiem
1078 1854 1313 1921 femina
1350 1856 1499 1922 ficta
1533 1856 1691 1923 viril

1133 2136 1280 2188 XIX.

1022 2370 1088 2424 In
1128 2369 1371 2425 Salium.

291 2603 515 2670 Fiotus
548 2599 725 2683 dens,
769 2601 996 2668 oculus
1035 2601 1230 2684 Salio,
1272 2602 1526 2690 fictique
1563 2601 1796 2690 capilli3

397 2736 665 2823 Ipseque
702 2733 1103 2822 falsiparens,
1142 2735 1244 2799 Ne
1280 2752 1572 2822 stupeas:
1614 2734 1836 2839 rabula
1871 2745 1990 2839 est.

1136 2989 1253 3041 XX.

1108 3217 1267 3274 Tros.

298 3453 459 3518 Tros
494 3451 715 3518 aedem
751 3463 822 3518 ut
858 3463 1147 3535 strueret,
1188 3463 1450 3519 cunctos
1488 3449 1893 3518 venumdedit
1931 3475 2149 3541 agros.

402 3583 557 3650 Mox
593 3585 777 3672 perit,
816 3583 988 3651 haud
1024 3584 1266 3668 aedem,
1308 3584 1418 3650 sed
1457 3585 1776 3652 tumulum
1815 3586 2076 3674 posuit.‘

436 4111 479 4160 8

42 4209 185 4436 L
226 4413 471 4436 ⁴*ss
480 4421 735 4435 ..μ-...ιμυΜ-μ»
762 4432 767 4434 .
832 4432 837 4435 ,
898 4432 901 4434 ,
