2799 4478
685 401 782 469 34
1226 419 1578 467 CARMmtm
1612 419 1813 467 menn
1850 419 2119 467 ramus,

527 4448 605 4460 ιιι-ς.
622 4450 687 4459 -,

694 533 943 544 §ww
947 532 1026 542 ww
1031 533 1046 541 ω
1051 532 1090 542 *ae
2502 531 2637 542 „xvv-vv-

1343 535 1845 546 mssvsvsm—m=vs

775 638 1060 726 Agmina
1096 660 1453 726 parvorum,
1496 641 1672 726 queis
1710 638 1938 706 desunt
1974 640 2235 721 lumina,
2278 637 2591 702 Amorum

881 767 1073 850 Hinc,
1117 769 1291 834 illinc
1330 781 1636 858 pugnant,
1677 770 2104 859 dilaniantque
2142 792 2381 837 comas.

775 899 1083 967 Dentibus
1122 900 1420 967 audacter
1455 915 1720 984 certant,
1764 904 2181 991 manibusque
2217 904 2545 970 vicissim:

881 1033 1080 1098 Mittit
1116 1033 1218 1098 hic
1255 1035 1623 1122 intorquens
1662 1035 1925 1123 spicula,
1966 1046 2031 1100 et
2066 1034 2177 1101 ille
2213 1035 2409 1101 faces.

778 1164 1099 1253 Mancipia
1135 1164 1202 1230 hi
1239 1188 1383 1232 cum
1423 1165 1774 1232 dividerent
1810 1189 1948 1249 sua,
1992 1178 2249 1255 pectora
2284 1173 2636 1242 amantum,

889 1297 1047 1365 Orta
1086 1299 1231 1365 mali
1272 1301 1432 1366 tanti
1472 1302 1746 1365 maxima
1782 1323 2011 1367 caussa
2046 1301 2188 1367 fuit.

777 1428 1020 1511 Audiit,
1063 1441 1126 1494 et
1162 1429 1447 1524 clamans
1484 1431 1775 1518 genetrix
1810 1429 1943 1496 Dea
1980 1427 2197 1519 pulcra
2234 1427 2478 1498 Giteres

879 1560 1174 1642 Advolat,
1217 1560 1458 1649 hosque
1495 1563 1708 1628 minax
1746 1561 1873 1627 edit
1910 1563 1990 1628 ab
2030 1586 2137 1628 ore
2182 1585 2395 1629 sonos.

778 1691 1034 1780 Ergone
1071 1693 1242 1758 nulla
1278 1692 1413 1760 dies
1450 1663 1716 1774 labetur,
1760 1691 1941 1760 nulla
1982 1699 2079 1758 tel
2130 1694 2307 1775 hora,

893 1823 1065 1903 Quin
1104 1848 1218 1891 vos
1257 1837 1613 1914 compescat
1649 1847 1794 1913 pax,
1834 1826 2157 1913 animique
2194 1823 2429 1912 quies?

783 1963 873 2025 At
911 1958 1062 2026 dum
1101 1960 1191 2024 nil
1229 1954 1480 2049 prodest
1520 1953 1727 2026 cordis
1765 1959 2103 2025 clementia
2139 1959 2363 2042 nostri,

885 2091 1175 2180 Degener
1214 2116 1250 2158 o
1287 2092 1557 2174 soboles,
1600 2093 1897 2180 plangere
1936 2107 1997 2158 te
2025 2092 2258 2178 jubeo!

765 2223 1126 2308 Postmodo,
1149 2237 1219 2291 ut
1239 2226 1555 2293 incassum
1579 2223 1805 2291 cecidit
1825 2222 2265 2312 quodcumque
2283 2198 2550 2311 loquuta
2568 2225 2673 2298 est,

895 2356 1131 2425 Omn'es
1170 2357 1563 2425 mulctandos
1601 2380 1851 2424 carcere
1888 2358 2211 2445 corripuit,

784 2488 1181 2576 Exiguisque
1217 2491 1358 2555 auri
1393 2489 1517 2555 filis
1554 2484 1947 2554 radiantibus
1985 2464 2124 2554 alas

890 2620 1184 2707 Implicat
1221 2620 1576 2701 instabiles,
1619 2612 2053 2709 indocilesque
2089 2618 2268 2707 ligat.

784 2748 989 2814 Siste!
1029 2749 1295 2849 Nihilne
1332 2752 1491 2818 facis
1521 2754 1655 2839 jam
1694 2772 1865 2818 nunc
1901 2774 2041 2817 mea
2076 2751 2357 2833 vulnera,
2402 2750 2611 2840 Cypri,

893 2880 1078 2959 Quod
1114 2882 1354 2949 fodicas
1393 2885 1598 2971 ignes,
1640 2890 1781 2973 quis
1819 2906 1960 2949 mea
1997 2882 2189 2950 corda
2225 2883 2555 2972 flagrant?

785 3012 1068 3080 Auratos
1106 3014 1268 3078 inter
1305 3014 1535 3080 cinnos
1573 3016 1775 3105 (queis
1812 3015 2094 3081 aestibus
2133 3038 2282 3081 uror
2302 3015 2346 3101 l)

881 3146 1180 3212 Insiliens
1218 3142 1443 3213 volitat
1478 3145 1745 3237 quisque
1782 3146 2048 3236 pusillus
2086 3149 2309 3214 Amor.

773 3275 978 3342 Nulla
1014 3275 1201 3342 datur
1239 3278 1489 3364 requies
1529 3277 1681 3371 illis;
1721 3275 1826 3343 hic
1861 3278 2143 3344 volvitur
2181 3278 2406 3345 ardens

881 3409 1014 3474 Sub
1054 3411 1234 3475 tereti
1270 3408 1576 3497 strophio,
1619 3432 1743 3499 quo
1780 3412 1939 3499 tegit
1975 3410 2088 3476 illa
2126 3423 2337 3499 caput3

775 3539 1082 3607 Mollibus
1122 3564 1157 3605 e
1193 3539 1496 3629 Zephyris
1534 3539 1696 3606 alius
1735 3541 2043 3609 solamina
2082 3543 2350 3631 quaerit,

882 3670 967 3735 Et
1004 3674 1205 3760 quatit
1240 3670 1496 3738 assidue
1532 3671 1776 3761 fulgida
1810 3673 1915 3741 fila
1952 3696 2191 3741 comae.
